<?xml version="1.0" encoding="UTF-8"?>
<collection xmlns:xsi="http://www.w3.org/2001/XMLSchema-instance" xsi:schemaLocation="http://www.loc.gov/MARC21/slim http://www.loc.gov/standards/marcxml/schema/MARC21slim.xsd" xmlns="http://www.loc.gov/MARC21/slim">
<record>
  <leader>00546cam a2200181 u 4500</leader>
  <controlfield tag="001">650217</controlfield>
  <controlfield tag="003">NNC</controlfield>
  <controlfield tag="005">20100307233901.0</controlfield>
  <controlfield tag="008">880518q19281929ua |||||||||||||||||ara||</controlfield>
  <datafield tag="035" ind1=" " ind2=" ">
    <subfield code="a">(OCoLC)60601360</subfield>
  </datafield>
  <datafield tag="035" ind1=" " ind2=" ">
    <subfield code="a">(OCoLC)ocm60601360</subfield>
  </datafield>
  <datafield tag="035" ind1=" " ind2=" ">
    <subfield code="a">(CStRLIN)NYCG88-B35775</subfield>
  </datafield>
  <datafield tag="035" ind1=" " ind2=" ">
    <subfield code="9">ACV7422CU</subfield>
  </datafield>
  <datafield tag="035" ind1=" " ind2=" ">
    <subfield code="a">(NNC)650217</subfield>
  </datafield>
  <datafield tag="100" ind1="1" ind2="0">
    <subfield code="a">Shawkānī, Muḥammad ibn ʻAlī,</subfield>
    <subfield code="d">1759-1839.</subfield>
  </datafield>
  <datafield tag="245" ind1="1" ind2="0">
    <subfield code="a">Darārī al-muḍīyah sharḥ al-Durar al-bahīyah.</subfield>
  </datafield>
  <datafield tag="260" ind1="0" ind2=" ">
    <subfield code="a">Misr :</subfield>
    <subfield code="b">Matbaʻat Misr al-Hurrah,</subfield>
    <subfield code="c">1347h [i.e.1928 or 9]</subfield>
  </datafield>
  <datafield tag="300" ind1=" " ind2=" ">
    <subfield code="a">2 v. in 1.</subfield>
  </datafield>
  <datafield tag="955" ind1=" " ind2=" ">
    <subfield code="b">CU59577410</subfield>
    <subfield code="d">off,glx</subfield>
    <subfield code="e">ME06767</subfield>
  </datafield>
</record>
</collection>